<record><leader>00000cas a22000007a 4500</leader><controlfield tag="001">33226561</controlfield><controlfield tag="008">950930d186u1866inuwr ne      0    0eng d</controlfield><datafield ind1=" " ind2=" " tag="010"><subfield code="a">sn 95067517 </subfield></datafield><datafield ind1=" " ind2=" " tag="040"><subfield code="a">NPI</subfield><subfield code="b">eng</subfield><subfield code="c">NPI</subfield><subfield code="d">OCLCQ</subfield></datafield><datafield ind1=" " ind2=" " tag="042"><subfield code="a">msc</subfield></datafield><datafield ind1="0" ind2="0" tag="245"><subfield code="a">Boonville enquirer.</subfield></datafield><datafield ind1=" " ind2=" " tag="260"><subfield code="a">Boonville, Ind. :</subfield><subfield code="b">Moore &amp; Crawford,</subfield><subfield code="c">-1866.</subfield></datafield><datafield ind1=" " ind2=" " tag="300"><subfield code="a">v.</subfield></datafield><datafield ind1=" " ind2=" " tag="310"><subfield code="a">Weekly</subfield></datafield><datafield ind1=" " ind2=" " tag="588"><subfield code="a">Description based on: Vol. 3, no. 1 (Dec. 21, 1865).</subfield></datafield><datafield ind1=" " ind2=" " tag="752"><subfield code="a">United States</subfield><subfield code="b">Indiana</subfield><subfield code="c">Warrick</subfield><subfield code="d">Boonville.</subfield></datafield><datafield ind1="0" ind2="0" tag="780"><subfield code="t">Warrick Democrat</subfield><subfield code="w">(DLC)sn 82015009</subfield></datafield><datafield ind1="0" ind2="0" tag="785"><subfield code="t">Boonville weekly enquirer (Boonville, Ind. : 1866)</subfield><subfield code="w">(DLC)sn 84027279</subfield></datafield><datafield ind1="1" ind2=" " tag="029"><subfield code="a">AU@</subfield><subfield code="b">000023522684</subfield></datafield></record>